@ARTICLE{ md:2013,
  author = "Marlow, Jennifer and Dabbish, Laura",
  title = "Activity traces and signals in software developer recruitment and hiring",
  year = "2013",
  publisher = "ACM Press"
}

@MastersThesis{ pg:2014,
  author = "Giese, Philipp",
  title = "Eliciting Expertise based on Time Series Analyses of Code Complexity Metrics",
  year = "2014",
  school = "Hasso-Plattner-Institute",
  address = "Prof.-Dr.-Helmert-Str. 2-3"
}

@CONFERENCE {ih:2012,
  book = "Information Reuse and Integration (IRI), 2012 IEEE 13th International Conference on",
  title = "Integrating Developer-related information across Open Source Repositories",
  author = "Iqbal, Aftab and Hausenblas, Michael",
  year = "2012",
  publisher = "IEEE",
  pages = "69 - 76"
}